% Bibliographie de la Conférence de LVA du 1er décembre 2023

@online{matter,
    author = "Wikipédia",
    title = "Matière",
    url  = "https://fr.wikipedia.org/wiki/Mati%C3%A8re"
}

@online{democrite,
    author = "Wikipédia",
    title = "Démocrite",
    url  = "https://fr.wikipedia.org/wiki/D%C3%A9mocrite"
}


@online{atom,
    author = "Wikipédia",
    title = "Atome",
    url  = "https://fr.wikipedia.org/wiki/Atome"
}

@online{element,
    author = "Wikipédia",
    title = "Tableau périodique des éléments",
    url  = "https://fr.wikipedia.org/wiki/Tableau_p%C3%A9riodique_des_%C3%A9l%C3%A9ments",
    note = {Par Scaler,Michka B — Travail personnel, CC BY-SA 3.0, https://commons.wikimedia.org/w/index.php?curid=8985780}
}